<record><leader>00000cas a22000007a 4500</leader><controlfield tag="001">12417883</controlfield><controlfield tag="008">850823d19181948mtuwr ne      0    0eng d</controlfield><datafield ind1=" " ind2=" " tag="010"><subfield code="a">sn 85053238 </subfield></datafield><datafield ind1=" " ind2=" " tag="040"><subfield code="a">MTL</subfield><subfield code="b">eng</subfield><subfield code="c">MTL</subfield><subfield code="d">OCLCQ</subfield></datafield><datafield ind1=" " ind2=" " tag="042"><subfield code="a">msc</subfield></datafield><datafield ind1="0" ind2="4" tag="245"><subfield code="a">The Richey pilot.</subfield></datafield><datafield ind1=" " ind2=" " tag="260"><subfield code="a">Richey, Mont. :</subfield><subfield code="b">F. Gaines,</subfield><subfield code="c">-1948.</subfield></datafield><datafield ind1=" " ind2=" " tag="300"><subfield code="a">36 v. :</subfield><subfield code="b">ill. ;</subfield><subfield code="c">51 cm.</subfield></datafield><datafield ind1=" " ind2=" " tag="310"><subfield code="a">Weekly</subfield></datafield><datafield ind1="0" ind2=" " tag="362"><subfield code="a">-v. 36, no. 12 (Oct. 28, 1948).</subfield></datafield><datafield ind1="1" ind2=" " tag="362"><subfield code="a">Began with July 19, 1918.</subfield><subfield code="z">Cf. Richey pilot, May 11, 1923.</subfield></datafield><datafield ind1=" " ind2=" " tag="515"><subfield code="a">Suspended: Nov. 13, 1942-Jan. 7, 1943.</subfield></datafield><datafield ind1=" " ind2=" " tag="588"><subfield code="a">Description based on: Vol. 6, no. 23 (Oct. 18, 1918).</subfield></datafield><datafield ind1=" " ind2=" " tag="752"><subfield code="a">United States</subfield><subfield code="b">Montana</subfield><subfield code="c">Dawson</subfield><subfield code="d">Richey.</subfield></datafield><datafield ind1="0" ind2="4" tag="780"><subfield code="t">Richey herald</subfield><subfield code="w">(DLC)sn 85053236</subfield></datafield><datafield ind1="0" ind2="4" tag="780"><subfield code="t">Paxton pilot</subfield><subfield code="w">(DLC)sn 85053237</subfield></datafield></record>